<?xml version="1.0" encoding="UTF-8" ?>
<record Numero="13907927" format="InterXMarc_Complet" type="Authority">
<leader>00593c1 au22000272  45  <Pos Code="0004">00593</Pos>
<Pos Code="05" Sens="notice modifiée">c</Pos>
<Pos Code="06" Sens="notice validée en catalogage courant">1</Pos>
<Pos Code="08" Sens="notice d&apos;autorité">a</Pos>
<Pos Code="09" Sens="titre uniforme musical (TUM)">u</Pos>
<Pos Code="10">2</Pos>
<Pos Code="11">2</Pos>
<Pos Code="1216">00027</Pos>
<Pos Code="17" Sens="autres cas">2</Pos>
<Pos Code="20">4</Pos>
<Pos Code="21">5</Pos>
</leader>
<controlfield tag="001">FRBNF139079276<Pos Code="0001">FR</Pos>
<Pos Code="0204">BNF</Pos>
<Pos Code="0512">13907927</Pos>
<Pos Code="13">6</Pos>
</controlfield>
<controlfield tag="008">890821120502yy    snd       187505                           1   <Pos Code="0001">89</Pos>
<Pos Code="0203">08</Pos>
<Pos Code="0405">21</Pos>
<Pos Code="0607">12</Pos>
<Pos Code="0809">05</Pos>
<Pos Code="1011">02</Pos>
<Pos Code="1213" Sens="ne s&apos;applique pas">yy</Pos>
<Pos Code="1820" Sens="sérénade">snd</Pos>
<Pos Code="2831">1875</Pos>
<Pos Code="3233">05</Pos>
<Pos Code="61" Sens="La vedette peut être liée à une notice bibliographique sauf pour l&apos;accès matière RAMEAU">1</Pos>
</controlfield>
<datafield tag="048" ind1=" " ind2=" ">
	<subfield code="a">oc01<Pos Code="0001" Sens="orchestre - orchestre à cordes 4 parties">oc</Pos>
<Pos Code="02">0</Pos>
<Pos Code="03">1</Pos>
</subfield>
</datafield>
<datafield tag="100" ind1=" " ind2=" ">
	<subfield code="3">13893562</subfield>
	<subfield code="w">.0..b.....</subfield>
	<subfield code="a">Dvořák</subfield>
	<subfield code="m">Antonín</subfield>
	<subfield code="d">1841-1904</subfield>
</datafield>
<datafield tag="144" ind1="1" ind2=" ">
	<subfield code="w">....b.....</subfield>
	<subfield code="a">Sérénades</subfield>
	<subfield code="b">Orchestre à cordes</subfield>
	<subfield code="k">B 52</subfield>
	<subfield code="t">Mi majeur</subfield>
</datafield>
<datafield tag="301" ind1=" " ind2=" ">
	<subfield code="3">15674872</subfield>
	<subfield code="a">Dvořák</subfield>
	<subfield code="m">Antonín</subfield>
	<subfield code="d">1841-1904</subfield>
	<subfield code="t">[Octet. B 36]</subfield>
</datafield>
<datafield tag="444" ind1="1" ind2=" ">
	<subfield code="w">....b.....</subfield>
	<subfield code="a">Sérénades</subfield>
	<subfield code="b">Orchestre à cordes</subfield>
	<subfield code="p">Op. 22</subfield>
	<subfield code="t">Mi majeur</subfield>
</datafield>
<datafield tag="600" ind1=" " ind2=" ">
	<subfield code="a">Date de composition : 1875</subfield>
	<subfield code="a">1re exécution : Prague, 10 décembre 1876</subfield>
</datafield>
<datafield tag="600" ind1=" " ind2=" ">
	<subfield code="a">Existe un arr. pour piano 4 mains</subfield>
</datafield>
<datafield tag="600" ind1=" " ind2=" ">
	<subfield code="a">1877 (éd. de l&apos;arr. pour p4m)</subfield>
</datafield>
<datafield tag="600" ind1=" " ind2=" ">
	<subfield code="a">Éd. : 1879</subfield>
</datafield>
<datafield tag="610" ind1=" " ind2=" ">
	<subfield code="a">Grove 6</subfield>
</datafield>
<datafield tag="917" ind1=" " ind2=" ">
	<subfield code="o">OPC</subfield>
	<subfield code="a">100363200</subfield>
</datafield>
<Alter Ori="13893562">
<datafield tag="400" ind1=" " ind2=" ">
	<subfield code="w">....b.....</subfield>
	<subfield code="a">Dvořák</subfield>
	<subfield code="m">Antonín Leopold</subfield>
	<subfield code="d">1841-1904</subfield>
</datafield>
<datafield tag="400" ind1=" " ind2=" ">
	<subfield code="w">....b.....</subfield>
	<subfield code="a">Dvořák</subfield>
	<subfield code="m">Anton</subfield>
	<subfield code="d">1841-1904</subfield>
</datafield>
</Alter>
<Attr Nom="IDPerenne">ark:/12148/cb13907927b</Attr>
<Attr Nom="NumSource">OPC 100363200</Attr>
<Attr Nom="Source" Sens="BnF catalogue général (depuis 1999)">A</Attr>
<Attr Nom="NumAutoriteLiee">1389356215674872</Attr>
<Attr Nom="DateCreation">21/08/ 1989</Attr>
<Attr Nom="ResponsableCreation">MIGV2</Attr>
<Attr Nom="StructCreation">1</Attr>
<Attr Nom="DateDerniereValidation">07/06/ 2013</Attr>
<Attr Nom="ResponsableDerniereValidation">ADCAT06</Attr>
<Attr Nom="StructPremiereValidation">1</Attr>
<Attr Nom="DatePremiereValidation">21/08/ 1989</Attr>
<Attr Nom="ResponsablePremiereValidation">MIGV2</Attr>
<Attr Nom="StructDerniereValidation">1</Attr>
<Attr Nom="NumSource">OPP 13965187</Attr>
</record>